<?xml version="1.0" encoding="UTF-8"?><record xmlns="http://www.loc.gov/MARC21/slim" xmlns:cinclude="http://apache.org/cocoon/include/1.0" xmlns:zs="http://www.loc.gov/zing/srw/">
  <leader>00708cz  a2200145n  4500</leader>
  <controlfield tag="001">n 2005172878</controlfield>
  <controlfield tag="003">DLC</controlfield>
  <controlfield tag="005">20060123164808.0</controlfield>
  <controlfield tag="008">050601n| acannaabn          |n aaa      </controlfield>
  <datafield tag="010" ind1=" " ind2=" ">
    <subfield code="a">n 2005172878</subfield>
  </datafield>
  <datafield tag="040" ind1=" " ind2=" ">
    <subfield code="a">DLC</subfield>
    <subfield code="b">eng</subfield>
    <subfield code="c">DLC</subfield>
    <subfield code="d">DLC</subfield>
  </datafield>
  <datafield tag="100" ind1="1" ind2=" ">
    <subfield code="a">Hale, Clarence,</subfield>
    <subfield code="d">1848-1934</subfield>
  </datafield>
  <datafield tag="670" ind1=" " ind2=" ">
    <subfield code="a">NUCMC data from Maine Hist. Soc. for Josiah H. Drummond genealogies and correspondence, 1885-1914</subfield>
    <subfield code="b">(Clarence Hale)</subfield>
  </datafield>
  <datafield tag="670" ind1=" " ind2=" ">
    <subfield code="a">LC data base, June 01, 2005</subfield>
    <subfield code="b">(hdg.: Hale, Clarence, 1848-)</subfield>
  </datafield>
  <datafield tag="670" ind1=" " ind2=" ">
    <subfield code="a">WWAmer, v. 1, p. 502</subfield>
    <subfield code="b">(Hale, Clarence, judge; b. Turner, Me., Apr. 15, 1848; s. James Sullivan and Betsy (Staples) H.; admitted to bar, 1871; mem. Me. House of Rep., 1883-86; U.S. dist. judge, Dist. of Me., 1902; d. Apr. 9, 1934)</subfield>
  </datafield>
</record>